%YAML 1.1
%TAG !u! tag:unity3d.com,2011:
--- !u!244 &-2367643243911480664
AudioMixerEffectController:
  m_ObjectHideFlags: 3
  m_CorrespondingSourceObject: {fileID: 0}
  m_PrefabInstance: {fileID: 0}
  m_PrefabAsset: {fileID: 0}
  m_Name: 
  m_EffectID: c429958eb8fd30b49938a1d5b846a79a
  m_EffectName: Attenuation
  m_MixLevel: af8767057bc45c2479d43f59290e9d0c
  m_Parameters: []
  m_SendTarget: {fileID: 0}
  m_EnableWetMix: 0
  m_Bypass: 0
--- !u!241 &24100000
AudioMixerController:
  m_ObjectHideFlags: 0
  m_CorrespondingSourceObject: {fileID: 0}
  m_PrefabInstance: {fileID: 0}
  m_PrefabAsset: {fileID: 0}
  m_Name: Mixer
  m_OutputGroup: {fileID: 0}
  m_MasterGroup: {fileID: 24300002}
  m_Snapshots:
  - {fileID: 24500006}
  m_StartSnapshot: {fileID: 24500006}
  m_SuspendThreshold: -80
  m_EnableSuspend: 1
  m_UpdateMode: 0
  m_ExposedParameters:
  - guid: bbdcfc21ba5ebfe4d97ac204f088dea1
    name: musicV
  - guid: e3dff5e577e7bb743a13c7807f57730c
    name: soundV
  m_AudioMixerGroupViews:
  - guids:
    - 0f8144511318f0245b146c2ebea27094
    - dd2da9cbd3234f14da0b36c5064c601d
    - 4979deede208a2444a63dce747b2759d
    name: View
  m_CurrentViewIndex: 0
  m_TargetSnapshot: {fileID: 24500006}
--- !u!243 &24300002
AudioMixerGroupController:
  m_ObjectHideFlags: 0
  m_CorrespondingSourceObject: {fileID: 0}
  m_PrefabInstance: {fileID: 0}
  m_PrefabAsset: {fileID: 0}
  m_Name: Master
  m_AudioMixer: {fileID: 24100000}
  m_GroupID: 0f8144511318f0245b146c2ebea27094
  m_Children:
  - {fileID: 8937165347176505848}
  - {fileID: 2963637357714258330}
  m_Volume: 858f662121ef90a45a4e003224a72261
  m_Pitch: ff952b4795b59ff4dad0baf8132d002e
  m_Send: 00000000000000000000000000000000
  m_Effects:
  - {fileID: 24400004}
  m_UserColorIndex: 0
  m_Mute: 0
  m_Solo: 0
  m_BypassEffects: 0
--- !u!244 &24400004
AudioMixerEffectController:
  m_ObjectHideFlags: 3
  m_CorrespondingSourceObject: {fileID: 0}
  m_PrefabInstance: {fileID: 0}
  m_PrefabAsset: {fileID: 0}
  m_Name: 
  m_EffectID: fcad9362dac189542a8cef78dcdfa633
  m_EffectName: Attenuation
  m_MixLevel: 94ae7f6ebde620d4f8ae56caf2e0eb01
  m_Parameters: []
  m_SendTarget: {fileID: 0}
  m_EnableWetMix: 0
  m_Bypass: 0
--- !u!245 &24500006
AudioMixerSnapshotController:
  m_ObjectHideFlags: 0
  m_CorrespondingSourceObject: {fileID: 0}
  m_PrefabInstance: {fileID: 0}
  m_PrefabAsset: {fileID: 0}
  m_Name: Snapshot
  m_AudioMixer: {fileID: 24100000}
  m_SnapshotID: 5df07287b05341a499ee64ec0740459d
  m_FloatValues:
    858f662121ef90a45a4e003224a72261: -0.037667945
    bbdcfc21ba5ebfe4d97ac204f088dea1: -1.3340544
    e3dff5e577e7bb743a13c7807f57730c: -1.5191216
    ff952b4795b59ff4dad0baf8132d002e: 1
  m_TransitionOverrides: {}
--- !u!243 &2963637357714258330
AudioMixerGroupController:
  m_ObjectHideFlags: 0
  m_CorrespondingSourceObject: {fileID: 0}
  m_PrefabInstance: {fileID: 0}
  m_PrefabAsset: {fileID: 0}
  m_Name: Sound
  m_AudioMixer: {fileID: 24100000}
  m_GroupID: 4979deede208a2444a63dce747b2759d
  m_Children: []
  m_Volume: e3dff5e577e7bb743a13c7807f57730c
  m_Pitch: 5a2a22bf542946b46922655cfd9dd98b
  m_Send: 00000000000000000000000000000000
  m_Effects:
  - {fileID: 8785165217227218169}
  m_UserColorIndex: 0
  m_Mute: 0
  m_Solo: 0
  m_BypassEffects: 0
--- !u!244 &8785165217227218169
AudioMixerEffectController:
  m_ObjectHideFlags: 3
  m_CorrespondingSourceObject: {fileID: 0}
  m_PrefabInstance: {fileID: 0}
  m_PrefabAsset: {fileID: 0}
  m_Name: 
  m_EffectID: 240fc6a32418eee4d8c1761bbe9ff32c
  m_EffectName: Attenuation
  m_MixLevel: 30d8a659a2f8b264fb7f77203a25d471
  m_Parameters: []
  m_SendTarget: {fileID: 0}
  m_EnableWetMix: 0
  m_Bypass: 0
--- !u!243 &8937165347176505848
AudioMixerGroupController:
  m_ObjectHideFlags: 0
  m_CorrespondingSourceObject: {fileID: 0}
  m_PrefabInstance: {fileID: 0}
  m_PrefabAsset: {fileID: 0}
  m_Name: Music
  m_AudioMixer: {fileID: 24100000}
  m_GroupID: dd2da9cbd3234f14da0b36c5064c601d
  m_Children: []
  m_Volume: bbdcfc21ba5ebfe4d97ac204f088dea1
  m_Pitch: 4b799ec48d1f8aa49a7b0d8a1778dba3
  m_Send: 00000000000000000000000000000000
  m_Effects:
  - {fileID: -2367643243911480664}
  m_UserColorIndex: 0
  m_Mute: 0
  m_Solo: 0
  m_BypassEffects: 0
