%YAML 1.1
%TAG !u! tag:unity3d.com,2011:
--- !u!95 &3148266570742561795
Animator:
  serializedVersion: 3
  m_ObjectHideFlags: 0
  m_CorrespondingSourceObject: {fileID: 0}
  m_PrefabInstance: {fileID: 0}
  m_PrefabAsset: {fileID: 0}
  m_GameObject: {fileID: 2842204666050987310}
  m_Enabled: 1
  m_Avatar: {fileID: 0}
  m_Controller: {fileID: 9100000, guid: b4c7a3359566d5e44960ca7873810276, type: 2}
  m_CullingMode: 0
  m_UpdateMode: 0
  m_ApplyRootMotion: 0
  m_LinearVelocityBlending: 0
  m_WarningMessage: 
  m_HasTransformHierarchy: 1
  m_AllowConstantClipSamplingOptimization: 1
  m_KeepAnimatorControllerStateOnDisable: 0
--- !u!95 &3148266570944804623
Animator:
  serializedVersion: 3
  m_ObjectHideFlags: 0
  m_CorrespondingSourceObject: {fileID: 0}
  m_PrefabInstance: {fileID: 0}
  m_PrefabAsset: {fileID: 0}
  m_GameObject: {fileID: 2842204666527427805}
  m_Enabled: 1
  m_Avatar: {fileID: 0}
  m_Controller: {fileID: 9100000, guid: b4c7a3359566d5e44960ca7873810276, type: 2}
  m_CullingMode: 0
  m_UpdateMode: 0
  m_ApplyRootMotion: 0
  m_LinearVelocityBlending: 0
  m_WarningMessage: 
  m_HasTransformHierarchy: 1
  m_AllowConstantClipSamplingOptimization: 1
  m_KeepAnimatorControllerStateOnDisable: 0
--- !u!95 &3148266570985539036
Animator:
  serializedVersion: 3
  m_ObjectHideFlags: 0
  m_CorrespondingSourceObject: {fileID: 0}
  m_PrefabInstance: {fileID: 0}
  m_PrefabAsset: {fileID: 0}
  m_GameObject: {fileID: 2842204666181830609}
  m_Enabled: 1
  m_Avatar: {fileID: 0}
  m_Controller: {fileID: 9100000, guid: 68bcf67e59be4264cabd5015307212ee, type: 2}
  m_CullingMode: 0
  m_UpdateMode: 0
  m_ApplyRootMotion: 0
  m_LinearVelocityBlending: 0
  m_WarningMessage: 
  m_HasTransformHierarchy: 1
  m_AllowConstantClipSamplingOptimization: 1
  m_KeepAnimatorControllerStateOnDisable: 0
--- !u!95 &3148266571122422024
Animator:
  serializedVersion: 3
  m_ObjectHideFlags: 0
  m_CorrespondingSourceObject: {fileID: 0}
  m_PrefabInstance: {fileID: 0}
  m_PrefabAsset: {fileID: 0}
  m_GameObject: {fileID: 2842204665711337405}
  m_Enabled: 1
  m_Avatar: {fileID: 0}
  m_Controller: {fileID: 9100000, guid: b4c7a3359566d5e44960ca7873810276, type: 2}
  m_CullingMode: 0
  m_UpdateMode: 0
  m_ApplyRootMotion: 0
  m_LinearVelocityBlending: 0
  m_WarningMessage: 
  m_HasTransformHierarchy: 1
  m_AllowConstantClipSamplingOptimization: 1
  m_KeepAnimatorControllerStateOnDisable: 0
--- !u!95 &3148266571429012391
Animator:
  serializedVersion: 3
  m_ObjectHideFlags: 0
  m_CorrespondingSourceObject: {fileID: 0}
  m_PrefabInstance: {fileID: 0}
  m_PrefabAsset: {fileID: 0}
  m_GameObject: {fileID: 2842204665433038016}
  m_Enabled: 1
  m_Avatar: {fileID: 0}
  m_Controller: {fileID: 9100000, guid: b4c7a3359566d5e44960ca7873810276, type: 2}
  m_CullingMode: 0
  m_UpdateMode: 0
  m_ApplyRootMotion: 0
  m_LinearVelocityBlending: 0
  m_WarningMessage: 
  m_HasTransformHierarchy: 1
  m_AllowConstantClipSamplingOptimization: 1
  m_KeepAnimatorControllerStateOnDisable: 0
--- !u!1 &3148266571470640076
GameObject:
  m_ObjectHideFlags: 0
  m_CorrespondingSourceObject: {fileID: 0}
  m_PrefabInstance: {fileID: 0}
  m_PrefabAsset: {fileID: 0}
  serializedVersion: 6
  m_Component:
  - component: {fileID: 3148266571470640074}
  m_Layer: 0
  m_Name: RocketLauncher
  m_TagString: Untagged
  m_Icon: {fileID: 0}
  m_NavMeshLayer: 0
  m_StaticEditorFlags: 0
  m_IsActive: 1
--- !u!4 &3148266571470640074
Transform:
  m_ObjectHideFlags: 0
  m_CorrespondingSourceObject: {fileID: 0}
  m_PrefabInstance: {fileID: 0}
  m_PrefabAsset: {fileID: 0}
  m_GameObject: {fileID: 3148266571470640076}
  m_LocalRotation: {x: 0, y: 0, z: 0, w: 1}
  m_LocalPosition: {x: 8.94, y: 0.78, z: -21.55}
  m_LocalScale: {x: 1, y: 1, z: 1}
  m_Children:
  - {fileID: 3148266571556039540}
  m_Father: {fileID: 0}
  m_RootOrder: 0
  m_LocalEulerAnglesHint: {x: 0, y: 0, z: 0}
--- !u!95 &3148266571514690380
Animator:
  serializedVersion: 3
  m_ObjectHideFlags: 0
  m_CorrespondingSourceObject: {fileID: 0}
  m_PrefabInstance: {fileID: 0}
  m_PrefabAsset: {fileID: 0}
  m_GameObject: {fileID: 2842204665957714235}
  m_Enabled: 1
  m_Avatar: {fileID: 0}
  m_Controller: {fileID: 9100000, guid: b4c7a3359566d5e44960ca7873810276, type: 2}
  m_CullingMode: 0
  m_UpdateMode: 0
  m_ApplyRootMotion: 0
  m_LinearVelocityBlending: 0
  m_WarningMessage: 
  m_HasTransformHierarchy: 1
  m_AllowConstantClipSamplingOptimization: 1
  m_KeepAnimatorControllerStateOnDisable: 0
--- !u!1 &3148266571556039541
GameObject:
  m_ObjectHideFlags: 0
  m_CorrespondingSourceObject: {fileID: 0}
  m_PrefabInstance: {fileID: 0}
  m_PrefabAsset: {fileID: 0}
  serializedVersion: 6
  m_Component:
  - component: {fileID: 3148266571556039540}
  m_Layer: 0
  m_Name: Grafic
  m_TagString: Untagged
  m_Icon: {fileID: 0}
  m_NavMeshLayer: 0
  m_StaticEditorFlags: 0
  m_IsActive: 1
--- !u!4 &3148266571556039540
Transform:
  m_ObjectHideFlags: 0
  m_CorrespondingSourceObject: {fileID: 0}
  m_PrefabInstance: {fileID: 0}
  m_PrefabAsset: {fileID: 0}
  m_GameObject: {fileID: 3148266571556039541}
  m_LocalRotation: {x: -0, y: -0.7071068, z: -0.7071068, w: 0}
  m_LocalPosition: {x: 0, y: 0, z: 0}
  m_LocalScale: {x: 1, y: 1, z: 1}
  m_Children:
  - {fileID: 3186959437902482572}
  m_Father: {fileID: 3148266571470640074}
  m_RootOrder: 0
  m_LocalEulerAnglesHint: {x: -90, y: 0, z: -180}
--- !u!95 &3148266571623007872
Animator:
  serializedVersion: 3
  m_ObjectHideFlags: 0
  m_CorrespondingSourceObject: {fileID: 0}
  m_PrefabInstance: {fileID: 0}
  m_PrefabAsset: {fileID: 0}
  m_GameObject: {fileID: 2842204665731415071}
  m_Enabled: 1
  m_Avatar: {fileID: 0}
  m_Controller: {fileID: 9100000, guid: b4c7a3359566d5e44960ca7873810276, type: 2}
  m_CullingMode: 0
  m_UpdateMode: 0
  m_ApplyRootMotion: 0
  m_LinearVelocityBlending: 0
  m_WarningMessage: 
  m_HasTransformHierarchy: 1
  m_AllowConstantClipSamplingOptimization: 1
  m_KeepAnimatorControllerStateOnDisable: 0
--- !u!95 &3148266571638597418
Animator:
  serializedVersion: 3
  m_ObjectHideFlags: 0
  m_CorrespondingSourceObject: {fileID: 0}
  m_PrefabInstance: {fileID: 0}
  m_PrefabAsset: {fileID: 0}
  m_GameObject: {fileID: 2842204664816284099}
  m_Enabled: 1
  m_Avatar: {fileID: 0}
  m_Controller: {fileID: 9100000, guid: b4c7a3359566d5e44960ca7873810276, type: 2}
  m_CullingMode: 0
  m_UpdateMode: 0
  m_ApplyRootMotion: 0
  m_LinearVelocityBlending: 0
  m_WarningMessage: 
  m_HasTransformHierarchy: 1
  m_AllowConstantClipSamplingOptimization: 1
  m_KeepAnimatorControllerStateOnDisable: 0
--- !u!95 &3148266571662975643
Animator:
  serializedVersion: 3
  m_ObjectHideFlags: 0
  m_CorrespondingSourceObject: {fileID: 0}
  m_PrefabInstance: {fileID: 0}
  m_PrefabAsset: {fileID: 0}
  m_GameObject: {fileID: 2842204665239640524}
  m_Enabled: 1
  m_Avatar: {fileID: 0}
  m_Controller: {fileID: 9100000, guid: 68bcf67e59be4264cabd5015307212ee, type: 2}
  m_CullingMode: 0
  m_UpdateMode: 0
  m_ApplyRootMotion: 0
  m_LinearVelocityBlending: 0
  m_WarningMessage: 
  m_HasTransformHierarchy: 1
  m_AllowConstantClipSamplingOptimization: 1
  m_KeepAnimatorControllerStateOnDisable: 0
--- !u!95 &3148266571870342934
Animator:
  serializedVersion: 3
  m_ObjectHideFlags: 0
  m_CorrespondingSourceObject: {fileID: 0}
  m_PrefabInstance: {fileID: 0}
  m_PrefabAsset: {fileID: 0}
  m_GameObject: {fileID: 2842204665732597436}
  m_Enabled: 1
  m_Avatar: {fileID: 0}
  m_Controller: {fileID: 9100000, guid: 68bcf67e59be4264cabd5015307212ee, type: 2}
  m_CullingMode: 0
  m_UpdateMode: 0
  m_ApplyRootMotion: 0
  m_LinearVelocityBlending: 0
  m_WarningMessage: 
  m_HasTransformHierarchy: 1
  m_AllowConstantClipSamplingOptimization: 1
  m_KeepAnimatorControllerStateOnDisable: 0
--- !u!95 &3148266572002817871
Animator:
  serializedVersion: 3
  m_ObjectHideFlags: 0
  m_CorrespondingSourceObject: {fileID: 0}
  m_PrefabInstance: {fileID: 0}
  m_PrefabAsset: {fileID: 0}
  m_GameObject: {fileID: 2842204665115484826}
  m_Enabled: 1
  m_Avatar: {fileID: 0}
  m_Controller: {fileID: 9100000, guid: 68bcf67e59be4264cabd5015307212ee, type: 2}
  m_CullingMode: 0
  m_UpdateMode: 0
  m_ApplyRootMotion: 0
  m_LinearVelocityBlending: 0
  m_WarningMessage: 
  m_HasTransformHierarchy: 1
  m_AllowConstantClipSamplingOptimization: 1
  m_KeepAnimatorControllerStateOnDisable: 0
--- !u!95 &3148266572267018534
Animator:
  serializedVersion: 3
  m_ObjectHideFlags: 0
  m_CorrespondingSourceObject: {fileID: 0}
  m_PrefabInstance: {fileID: 0}
  m_PrefabAsset: {fileID: 0}
  m_GameObject: {fileID: 2842204666063050375}
  m_Enabled: 1
  m_Avatar: {fileID: 0}
  m_Controller: {fileID: 9100000, guid: 68bcf67e59be4264cabd5015307212ee, type: 2}
  m_CullingMode: 0
  m_UpdateMode: 0
  m_ApplyRootMotion: 0
  m_LinearVelocityBlending: 0
  m_WarningMessage: 
  m_HasTransformHierarchy: 1
  m_AllowConstantClipSamplingOptimization: 1
  m_KeepAnimatorControllerStateOnDisable: 0
--- !u!95 &3148266572506566054
Animator:
  serializedVersion: 3
  m_ObjectHideFlags: 0
  m_CorrespondingSourceObject: {fileID: 0}
  m_PrefabInstance: {fileID: 0}
  m_PrefabAsset: {fileID: 0}
  m_GameObject: {fileID: 2842204665633884867}
  m_Enabled: 1
  m_Avatar: {fileID: 0}
  m_Controller: {fileID: 9100000, guid: 86dd1961471ed7a45ac1cf70be99f611, type: 2}
  m_CullingMode: 0
  m_UpdateMode: 0
  m_ApplyRootMotion: 0
  m_LinearVelocityBlending: 0
  m_WarningMessage: 
  m_HasTransformHierarchy: 1
  m_AllowConstantClipSamplingOptimization: 1
  m_KeepAnimatorControllerStateOnDisable: 0
--- !u!95 &3148266572537596535
Animator:
  serializedVersion: 3
  m_ObjectHideFlags: 0
  m_CorrespondingSourceObject: {fileID: 0}
  m_PrefabInstance: {fileID: 0}
  m_PrefabAsset: {fileID: 0}
  m_GameObject: {fileID: 2842204666665144297}
  m_Enabled: 1
  m_Avatar: {fileID: 0}
  m_Controller: {fileID: 9100000, guid: 68bcf67e59be4264cabd5015307212ee, type: 2}
  m_CullingMode: 0
  m_UpdateMode: 0
  m_ApplyRootMotion: 0
  m_LinearVelocityBlending: 0
  m_WarningMessage: 
  m_HasTransformHierarchy: 1
  m_AllowConstantClipSamplingOptimization: 1
  m_KeepAnimatorControllerStateOnDisable: 0
--- !u!95 &3148266572628291673
Animator:
  serializedVersion: 3
  m_ObjectHideFlags: 0
  m_CorrespondingSourceObject: {fileID: 0}
  m_PrefabInstance: {fileID: 0}
  m_PrefabAsset: {fileID: 0}
  m_GameObject: {fileID: 2842204666231141834}
  m_Enabled: 1
  m_Avatar: {fileID: 0}
  m_Controller: {fileID: 9100000, guid: 68bcf67e59be4264cabd5015307212ee, type: 2}
  m_CullingMode: 0
  m_UpdateMode: 0
  m_ApplyRootMotion: 0
  m_LinearVelocityBlending: 0
  m_WarningMessage: 
  m_HasTransformHierarchy: 1
  m_AllowConstantClipSamplingOptimization: 1
  m_KeepAnimatorControllerStateOnDisable: 0
--- !u!1001 &3148266570541568396
PrefabInstance:
  m_ObjectHideFlags: 0
  serializedVersion: 2
  m_Modification:
    m_TransformParent: {fileID: 3186959437902482572}
    m_Modifications:
    - target: {fileID: -8679921383154817045, guid: 5448060746ccc314d92d06bb4f92e080, type: 3}
      propertyPath: m_RootOrder
      value: 5
      objectReference: {fileID: 0}
    - target: {fileID: -8679921383154817045, guid: 5448060746ccc314d92d06bb4f92e080, type: 3}
      propertyPath: m_LocalPosition.x
      value: -1.077
      objectReference: {fileID: 0}
    - target: {fileID: -8679921383154817045, guid: 5448060746ccc314d92d06bb4f92e080, type: 3}
      propertyPath: m_LocalPosition.y
      value: -0.766
      objectReference: {fileID: 0}
    - target: {fileID: -8679921383154817045, guid: 5448060746ccc314d92d06bb4f92e080, type: 3}
      propertyPath: m_LocalPosition.z
      value: -0.47
      objectReference: {fileID: 0}
    - target: {fileID: -8679921383154817045, guid: 5448060746ccc314d92d06bb4f92e080, type: 3}
      propertyPath: m_LocalRotation.w
      value: 1
      objectReference: {fileID: 0}
    - target: {fileID: -8679921383154817045, guid: 5448060746ccc314d92d06bb4f92e080, type: 3}
      propertyPath: m_LocalRotation.x
      value: 0
      objectReference: {fileID: 0}
    - target: {fileID: -8679921383154817045, guid: 5448060746ccc314d92d06bb4f92e080, type: 3}
      propertyPath: m_LocalRotation.y
      value: -0
      objectReference: {fileID: 0}
    - target: {fileID: -8679921383154817045, guid: 5448060746ccc314d92d06bb4f92e080, type: 3}
      propertyPath: m_LocalRotation.z
      value: -0
      objectReference: {fileID: 0}
    - target: {fileID: -8679921383154817045, guid: 5448060746ccc314d92d06bb4f92e080, type: 3}
      propertyPath: m_LocalEulerAnglesHint.x
      value: 0
      objectReference: {fileID: 0}
    - target: {fileID: -8679921383154817045, guid: 5448060746ccc314d92d06bb4f92e080, type: 3}
      propertyPath: m_LocalEulerAnglesHint.y
      value: 0
      objectReference: {fileID: 0}
    - target: {fileID: -8679921383154817045, guid: 5448060746ccc314d92d06bb4f92e080, type: 3}
      propertyPath: m_LocalEulerAnglesHint.z
      value: 0
      objectReference: {fileID: 0}
    - target: {fileID: -7511558181221131132, guid: 5448060746ccc314d92d06bb4f92e080, type: 3}
      propertyPath: m_Materials.Array.data[0]
      value: 
      objectReference: {fileID: 2100000, guid: ef676d5bad3599845a2cb44d120cd969, type: 2}
    - target: {fileID: 919132149155446097, guid: 5448060746ccc314d92d06bb4f92e080, type: 3}
      propertyPath: m_Name
      value: RocketLauncherWheel (4)
      objectReference: {fileID: 0}
    m_RemovedComponents: []
  m_SourcePrefab: {fileID: 100100000, guid: 5448060746ccc314d92d06bb4f92e080, type: 3}
--- !u!1 &2842204666527427805 stripped
GameObject:
  m_CorrespondingSourceObject: {fileID: 919132149155446097, guid: 5448060746ccc314d92d06bb4f92e080, type: 3}
  m_PrefabInstance: {fileID: 3148266570541568396}
  m_PrefabAsset: {fileID: 0}
--- !u!1001 &3148266570678383288
PrefabInstance:
  m_ObjectHideFlags: 0
  serializedVersion: 2
  m_Modification:
    m_TransformParent: {fileID: 3186959437902482572}
    m_Modifications:
    - target: {fileID: -8679921383154817045, guid: 5448060746ccc314d92d06bb4f92e080, type: 3}
      propertyPath: m_RootOrder
      value: 10
      objectReference: {fileID: 0}
    - target: {fileID: -8679921383154817045, guid: 5448060746ccc314d92d06bb4f92e080, type: 3}
      propertyPath: m_LocalPosition.x
      value: 1
      objectReference: {fileID: 0}
    - target: {fileID: -8679921383154817045, guid: 5448060746ccc314d92d06bb4f92e080, type: 3}
      propertyPath: m_LocalPosition.y
      value: 0.776
      objectReference: {fileID: 0}
    - target: {fileID: -8679921383154817045, guid: 5448060746ccc314d92d06bb4f92e080, type: 3}
      propertyPath: m_LocalPosition.z
      value: -0.47
      objectReference: {fileID: 0}
    - target: {fileID: -8679921383154817045, guid: 5448060746ccc314d92d06bb4f92e080, type: 3}
      propertyPath: m_LocalRotation.w
      value: 0
      objectReference: {fileID: 0}
    - target: {fileID: -8679921383154817045, guid: 5448060746ccc314d92d06bb4f92e080, type: 3}
      propertyPath: m_LocalRotation.x
      value: 0
      objectReference: {fileID: 0}
    - target: {fileID: -8679921383154817045, guid: 5448060746ccc314d92d06bb4f92e080, type: 3}
      propertyPath: m_LocalRotation.y
      value: 0
      objectReference: {fileID: 0}
    - target: {fileID: -8679921383154817045, guid: 5448060746ccc314d92d06bb4f92e080, type: 3}
      propertyPath: m_LocalRotation.z
      value: -1
      objectReference: {fileID: 0}
    - target: {fileID: -8679921383154817045, guid: 5448060746ccc314d92d06bb4f92e080, type: 3}
      propertyPath: m_LocalEulerAnglesHint.x
      value: 0
      objectReference: {fileID: 0}
    - target: {fileID: -8679921383154817045, guid: 5448060746ccc314d92d06bb4f92e080, type: 3}
      propertyPath: m_LocalEulerAnglesHint.y
      value: 0
      objectReference: {fileID: 0}
    - target: {fileID: -8679921383154817045, guid: 5448060746ccc314d92d06bb4f92e080, type: 3}
      propertyPath: m_LocalEulerAnglesHint.z
      value: -180
      objectReference: {fileID: 0}
    - target: {fileID: -7511558181221131132, guid: 5448060746ccc314d92d06bb4f92e080, type: 3}
      propertyPath: m_Materials.Array.data[0]
      value: 
      objectReference: {fileID: 2100000, guid: ef676d5bad3599845a2cb44d120cd969, type: 2}
    - target: {fileID: 919132149155446097, guid: 5448060746ccc314d92d06bb4f92e080, type: 3}
      propertyPath: m_Name
      value: RocketLauncherWheel (9)
      objectReference: {fileID: 0}
    m_RemovedComponents: []
  m_SourcePrefab: {fileID: 100100000, guid: 5448060746ccc314d92d06bb4f92e080, type: 3}
--- !u!1 &2842204666665144297 stripped
GameObject:
  m_CorrespondingSourceObject: {fileID: 919132149155446097, guid: 5448060746ccc314d92d06bb4f92e080, type: 3}
  m_PrefabInstance: {fileID: 3148266570678383288}
  m_PrefabAsset: {fileID: 0}
--- !u!1001 &3148266570905010786
PrefabInstance:
  m_ObjectHideFlags: 0
  serializedVersion: 2
  m_Modification:
    m_TransformParent: {fileID: 3186959437615108217}
    m_Modifications:
    - target: {fileID: -8679921383154817045, guid: e65b2c7b4d5d0fe46a5f7823f6c0d1bc, type: 3}
      propertyPath: m_RootOrder
      value: 0
      objectReference: {fileID: 0}
    - target: {fileID: -8679921383154817045, guid: e65b2c7b4d5d0fe46a5f7823f6c0d1bc, type: 3}
      propertyPath: m_LocalPosition.x
      value: -0.004
      objectReference: {fileID: 0}
    - target: {fileID: -8679921383154817045, guid: e65b2c7b4d5d0fe46a5f7823f6c0d1bc, type: 3}
      propertyPath: m_LocalPosition.y
      value: 0.945
      objectReference: {fileID: 0}
    - target: {fileID: -8679921383154817045, guid: e65b2c7b4d5d0fe46a5f7823f6c0d1bc, type: 3}
      propertyPath: m_LocalPosition.z
      value: 0.734
      objectReference: {fileID: 0}
    - target: {fileID: -8679921383154817045, guid: e65b2c7b4d5d0fe46a5f7823f6c0d1bc, type: 3}
      propertyPath: m_LocalRotation.w
      value: 1
      objectReference: {fileID: 0}
    - target: {fileID: -8679921383154817045, guid: e65b2c7b4d5d0fe46a5f7823f6c0d1bc, type: 3}
      propertyPath: m_LocalRotation.x
      value: 0
      objectReference: {fileID: 0}
    - target: {fileID: -8679921383154817045, guid: e65b2c7b4d5d0fe46a5f7823f6c0d1bc, type: 3}
      propertyPath: m_LocalRotation.y
      value: 0
      objectReference: {fileID: 0}
    - target: {fileID: -8679921383154817045, guid: e65b2c7b4d5d0fe46a5f7823f6c0d1bc, type: 3}
      propertyPath: m_LocalRotation.z
      value: 0
      objectReference: {fileID: 0}
    - target: {fileID: -8679921383154817045, guid: e65b2c7b4d5d0fe46a5f7823f6c0d1bc, type: 3}
      propertyPath: m_LocalEulerAnglesHint.x
      value: 0
      objectReference: {fileID: 0}
    - target: {fileID: -8679921383154817045, guid: e65b2c7b4d5d0fe46a5f7823f6c0d1bc, type: 3}
      propertyPath: m_LocalEulerAnglesHint.y
      value: 0
      objectReference: {fileID: 0}
    - target: {fileID: -8679921383154817045, guid: e65b2c7b4d5d0fe46a5f7823f6c0d1bc, type: 3}
      propertyPath: m_LocalEulerAnglesHint.z
      value: 0
      objectReference: {fileID: 0}
    - target: {fileID: -7511558181221131132, guid: e65b2c7b4d5d0fe46a5f7823f6c0d1bc, type: 3}
      propertyPath: m_Materials.Array.data[0]
      value: 
      objectReference: {fileID: 2100000, guid: 4619e3caf2c646b478dcbd92002696c8, type: 2}
    - target: {fileID: 919132149155446097, guid: e65b2c7b4d5d0fe46a5f7823f6c0d1bc, type: 3}
      propertyPath: m_Name
      value: RocketLauncherRocket
      objectReference: {fileID: 0}
    m_RemovedComponents: []
  m_SourcePrefab: {fileID: 100100000, guid: e65b2c7b4d5d0fe46a5f7823f6c0d1bc, type: 3}
--- !u!1001 &3148266571044172906
PrefabInstance:
  m_ObjectHideFlags: 0
  serializedVersion: 2
  m_Modification:
    m_TransformParent: {fileID: 3186959437902482572}
    m_Modifications:
    - target: {fileID: -8679921383154817045, guid: 5448060746ccc314d92d06bb4f92e080, type: 3}
      propertyPath: m_RootOrder
      value: 7
      objectReference: {fileID: 0}
    - target: {fileID: -8679921383154817045, guid: 5448060746ccc314d92d06bb4f92e080, type: 3}
      propertyPath: m_LocalScale.x
      value: 0.84279484
      objectReference: {fileID: 0}
    - target: {fileID: -8679921383154817045, guid: 5448060746ccc314d92d06bb4f92e080, type: 3}
      propertyPath: m_LocalScale.y
      value: 0.69343
      objectReference: {fileID: 0}
    - target: {fileID: -8679921383154817045, guid: 5448060746ccc314d92d06bb4f92e080, type: 3}
      propertyPath: m_LocalScale.z
      value: 0.69343
      objectReference: {fileID: 0}
    - target: {fileID: -8679921383154817045, guid: 5448060746ccc314d92d06bb4f92e080, type: 3}
      propertyPath: m_LocalPosition.x
      value: -1.076
      objectReference: {fileID: 0}
    - target: {fileID: -8679921383154817045, guid: 5448060746ccc314d92d06bb4f92e080, type: 3}
      propertyPath: m_LocalPosition.y
      value: -2.216
      objectReference: {fileID: 0}
    - target: {fileID: -8679921383154817045, guid: 5448060746ccc314d92d06bb4f92e080, type: 3}
      propertyPath: m_LocalPosition.z
      value: -0.47
      objectReference: {fileID: 0}
    - target: {fileID: -8679921383154817045, guid: 5448060746ccc314d92d06bb4f92e080, type: 3}
      propertyPath: m_LocalRotation.w
      value: 1
      objectReference: {fileID: 0}
    - target: {fileID: -8679921383154817045, guid: 5448060746ccc314d92d06bb4f92e080, type: 3}
      propertyPath: m_LocalRotation.x
      value: 0
      objectReference: {fileID: 0}
    - target: {fileID: -8679921383154817045, guid: 5448060746ccc314d92d06bb4f92e080, type: 3}
      propertyPath: m_LocalRotation.y
      value: -0
      objectReference: {fileID: 0}
    - target: {fileID: -8679921383154817045, guid: 5448060746ccc314d92d06bb4f92e080, type: 3}
      propertyPath: m_LocalRotation.z
      value: -0
      objectReference: {fileID: 0}
    - target: {fileID: -8679921383154817045, guid: 5448060746ccc314d92d06bb4f92e080, type: 3}
      propertyPath: m_LocalEulerAnglesHint.x
      value: 0
      objectReference: {fileID: 0}
    - target: {fileID: -8679921383154817045, guid: 5448060746ccc314d92d06bb4f92e080, type: 3}
      propertyPath: m_LocalEulerAnglesHint.y
      value: 0
      objectReference: {fileID: 0}
    - target: {fileID: -8679921383154817045, guid: 5448060746ccc314d92d06bb4f92e080, type: 3}
      propertyPath: m_LocalEulerAnglesHint.z
      value: 0
      objectReference: {fileID: 0}
    - target: {fileID: -7511558181221131132, guid: 5448060746ccc314d92d06bb4f92e080, type: 3}
      propertyPath: m_Materials.Array.data[0]
      value: 
      objectReference: {fileID: 2100000, guid: ef676d5bad3599845a2cb44d120cd969, type: 2}
    - target: {fileID: 919132149155446097, guid: 5448060746ccc314d92d06bb4f92e080, type: 3}
      propertyPath: m_Name
      value: RocketLauncherWheel (6)
      objectReference: {fileID: 0}
    m_RemovedComponents: []
  m_SourcePrefab: {fileID: 100100000, guid: 5448060746ccc314d92d06bb4f92e080, type: 3}
--- !u!1 &2842204665957714235 stripped
GameObject:
  m_CorrespondingSourceObject: {fileID: 919132149155446097, guid: 5448060746ccc314d92d06bb4f92e080, type: 3}
  m_PrefabInstance: {fileID: 3148266571044172906}
  m_PrefabAsset: {fileID: 0}
--- !u!1001 &3148266571271534719
PrefabInstance:
  m_ObjectHideFlags: 0
  serializedVersion: 2
  m_Modification:
    m_TransformParent: {fileID: 3186959437902482572}
    m_Modifications:
    - target: {fileID: -8679921383154817045, guid: 5448060746ccc314d92d06bb4f92e080, type: 3}
      propertyPath: m_RootOrder
      value: 4
      objectReference: {fileID: 0}
    - target: {fileID: -8679921383154817045, guid: 5448060746ccc314d92d06bb4f92e080, type: 3}
      propertyPath: m_LocalPosition.x
      value: -1.077
      objectReference: {fileID: 0}
    - target: {fileID: -8679921383154817045, guid: 5448060746ccc314d92d06bb4f92e080, type: 3}
      propertyPath: m_LocalPosition.y
      value: 0.04
      objectReference: {fileID: 0}
    - target: {fileID: -8679921383154817045, guid: 5448060746ccc314d92d06bb4f92e080, type: 3}
      propertyPath: m_LocalPosition.z
      value: -0.47
      objectReference: {fileID: 0}
    - target: {fileID: -8679921383154817045, guid: 5448060746ccc314d92d06bb4f92e080, type: 3}
      propertyPath: m_LocalRotation.w
      value: 1
      objectReference: {fileID: 0}
    - target: {fileID: -8679921383154817045, guid: 5448060746ccc314d92d06bb4f92e080, type: 3}
      propertyPath: m_LocalRotation.x
      value: 0
      objectReference: {fileID: 0}
    - target: {fileID: -8679921383154817045, guid: 5448060746ccc314d92d06bb4f92e080, type: 3}
      propertyPath: m_LocalRotation.y
      value: -0
      objectReference: {fileID: 0}
    - target: {fileID: -8679921383154817045, guid: 5448060746ccc314d92d06bb4f92e080, type: 3}
      propertyPath: m_LocalRotation.z
      value: -0
      objectReference: {fileID: 0}
    - target: {fileID: -8679921383154817045, guid: 5448060746ccc314d92d06bb4f92e080, type: 3}
      propertyPath: m_LocalEulerAnglesHint.x
      value: 0
      objectReference: {fileID: 0}
    - target: {fileID: -8679921383154817045, guid: 5448060746ccc314d92d06bb4f92e080, type: 3}
      propertyPath: m_LocalEulerAnglesHint.y
      value: 0
      objectReference: {fileID: 0}
    - target: {fileID: -8679921383154817045, guid: 5448060746ccc314d92d06bb4f92e080, type: 3}
      propertyPath: m_LocalEulerAnglesHint.z
      value: 0
      objectReference: {fileID: 0}
    - target: {fileID: -7511558181221131132, guid: 5448060746ccc314d92d06bb4f92e080, type: 3}
      propertyPath: m_Materials.Array.data[0]
      value: 
      objectReference: {fileID: 2100000, guid: ef676d5bad3599845a2cb44d120cd969, type: 2}
    - target: {fileID: 919132149155446097, guid: 5448060746ccc314d92d06bb4f92e080, type: 3}
      propertyPath: m_Name
      value: RocketLauncherWheel (3)
      objectReference: {fileID: 0}
    m_RemovedComponents: []
  m_SourcePrefab: {fileID: 100100000, guid: 5448060746ccc314d92d06bb4f92e080, type: 3}
--- !u!1 &2842204666050987310 stripped
GameObject:
  m_CorrespondingSourceObject: {fileID: 919132149155446097, guid: 5448060746ccc314d92d06bb4f92e080, type: 3}
  m_PrefabInstance: {fileID: 3148266571271534719}
  m_PrefabAsset: {fileID: 0}
--- !u!1001 &3148266571284638678
PrefabInstance:
  m_ObjectHideFlags: 0
  serializedVersion: 2
  m_Modification:
    m_TransformParent: {fileID: 3186959437902482572}
    m_Modifications:
    - target: {fileID: -8679921383154817045, guid: 5448060746ccc314d92d06bb4f92e080, type: 3}
      propertyPath: m_RootOrder
      value: 14
      objectReference: {fileID: 0}
    - target: {fileID: -8679921383154817045, guid: 5448060746ccc314d92d06bb4f92e080, type: 3}
      propertyPath: m_LocalScale.x
      value: 0.84279484
      objectReference: {fileID: 0}
    - target: {fileID: -8679921383154817045, guid: 5448060746ccc314d92d06bb4f92e080, type: 3}
      propertyPath: m_LocalScale.y
      value: 0.69343
      objectReference: {fileID: 0}
    - target: {fileID: -8679921383154817045, guid: 5448060746ccc314d92d06bb4f92e080, type: 3}
      propertyPath: m_LocalScale.z
      value: 0.69343
      objectReference: {fileID: 0}
    - target: {fileID: -8679921383154817045, guid: 5448060746ccc314d92d06bb4f92e080, type: 3}
      propertyPath: m_LocalPosition.x
      value: 1
      objectReference: {fileID: 0}
    - target: {fileID: -8679921383154817045, guid: 5448060746ccc314d92d06bb4f92e080, type: 3}
      propertyPath: m_LocalPosition.y
      value: -2.216
      objectReference: {fileID: 0}
    - target: {fileID: -8679921383154817045, guid: 5448060746ccc314d92d06bb4f92e080, type: 3}
      propertyPath: m_LocalPosition.z
      value: -0.47
      objectReference: {fileID: 0}
    - target: {fileID: -8679921383154817045, guid: 5448060746ccc314d92d06bb4f92e080, type: 3}
      propertyPath: m_LocalRotation.w
      value: 0
      objectReference: {fileID: 0}
    - target: {fileID: -8679921383154817045, guid: 5448060746ccc314d92d06bb4f92e080, type: 3}
      propertyPath: m_LocalRotation.x
      value: 0
      objectReference: {fileID: 0}
    - target: {fileID: -8679921383154817045, guid: 5448060746ccc314d92d06bb4f92e080, type: 3}
      propertyPath: m_LocalRotation.y
      value: 0
      objectReference: {fileID: 0}
    - target: {fileID: -8679921383154817045, guid: 5448060746ccc314d92d06bb4f92e080, type: 3}
      propertyPath: m_LocalRotation.z
      value: -1
      objectReference: {fileID: 0}
    - target: {fileID: -8679921383154817045, guid: 5448060746ccc314d92d06bb4f92e080, type: 3}
      propertyPath: m_LocalEulerAnglesHint.x
      value: 0
      objectReference: {fileID: 0}
    - target: {fileID: -8679921383154817045, guid: 5448060746ccc314d92d06bb4f92e080, type: 3}
      propertyPath: m_LocalEulerAnglesHint.y
      value: 0
      objectReference: {fileID: 0}
    - target: {fileID: -8679921383154817045, guid: 5448060746ccc314d92d06bb4f92e080, type: 3}
      propertyPath: m_LocalEulerAnglesHint.z
      value: -180
      objectReference: {fileID: 0}
    - target: {fileID: -7511558181221131132, guid: 5448060746ccc314d92d06bb4f92e080, type: 3}
      propertyPath: m_Materials.Array.data[0]
      value: 
      objectReference: {fileID: 2100000, guid: ef676d5bad3599845a2cb44d120cd969, type: 2}
    - target: {fileID: 919132149155446097, guid: 5448060746ccc314d92d06bb4f92e080, type: 3}
      propertyPath: m_Name
      value: RocketLauncherWheel (13)
      objectReference: {fileID: 0}
    m_RemovedComponents: []
  m_SourcePrefab: {fileID: 100100000, guid: 5448060746ccc314d92d06bb4f92e080, type: 3}
--- !u!1 &2842204666063050375 stripped
GameObject:
  m_CorrespondingSourceObject: {fileID: 919132149155446097, guid: 5448060746ccc314d92d06bb4f92e080, type: 3}
  m_PrefabInstance: {fileID: 3148266571284638678}
  m_PrefabAsset: {fileID: 0}
--- !u!1001 &3148266571318102171
PrefabInstance:
  m_ObjectHideFlags: 0
  serializedVersion: 2
  m_Modification:
    m_TransformParent: {fileID: 3186959437902482572}
    m_Modifications:
    - target: {fileID: -8679921383154817045, guid: 5448060746ccc314d92d06bb4f92e080, type: 3}
      propertyPath: m_RootOrder
      value: 13
      objectReference: {fileID: 0}
    - target: {fileID: -8679921383154817045, guid: 5448060746ccc314d92d06bb4f92e080, type: 3}
      propertyPath: m_LocalPosition.x
      value: 1
      objectReference: {fileID: 0}
    - target: {fileID: -8679921383154817045, guid: 5448060746ccc314d92d06bb4f92e080, type: 3}
      propertyPath: m_LocalPosition.y
      value: -1.615
      objectReference: {fileID: 0}
    - target: {fileID: -8679921383154817045, guid: 5448060746ccc314d92d06bb4f92e080, type: 3}
      propertyPath: m_LocalPosition.z
      value: -0.47
      objectReference: {fileID: 0}
    - target: {fileID: -8679921383154817045, guid: 5448060746ccc314d92d06bb4f92e080, type: 3}
      propertyPath: m_LocalRotation.w
      value: 0
      objectReference: {fileID: 0}
    - target: {fileID: -8679921383154817045, guid: 5448060746ccc314d92d06bb4f92e080, type: 3}
      propertyPath: m_LocalRotation.x
      value: 0
      objectReference: {fileID: 0}
    - target: {fileID: -8679921383154817045, guid: 5448060746ccc314d92d06bb4f92e080, type: 3}
      propertyPath: m_LocalRotation.y
      value: 0
      objectReference: {fileID: 0}
    - target: {fileID: -8679921383154817045, guid: 5448060746ccc314d92d06bb4f92e080, type: 3}
      propertyPath: m_LocalRotation.z
      value: -1
      objectReference: {fileID: 0}
    - target: {fileID: -8679921383154817045, guid: 5448060746ccc314d92d06bb4f92e080, type: 3}
      propertyPath: m_LocalEulerAnglesHint.x
      value: 0
      objectReference: {fileID: 0}
    - target: {fileID: -8679921383154817045, guid: 5448060746ccc314d92d06bb4f92e080, type: 3}
      propertyPath: m_LocalEulerAnglesHint.y
      value: 0
      objectReference: {fileID: 0}
    - target: {fileID: -8679921383154817045, guid: 5448060746ccc314d92d06bb4f92e080, type: 3}
      propertyPath: m_LocalEulerAnglesHint.z
      value: -180
      objectReference: {fileID: 0}
    - target: {fileID: -7511558181221131132, guid: 5448060746ccc314d92d06bb4f92e080, type: 3}
      propertyPath: m_Materials.Array.data[0]
      value: 
      objectReference: {fileID: 2100000, guid: ef676d5bad3599845a2cb44d120cd969, type: 2}
    - target: {fileID: 919132149155446097, guid: 5448060746ccc314d92d06bb4f92e080, type: 3}
      propertyPath: m_Name
      value: RocketLauncherWheel (12)
      objectReference: {fileID: 0}
    m_RemovedComponents: []
  m_SourcePrefab: {fileID: 100100000, guid: 5448060746ccc314d92d06bb4f92e080, type: 3}
--- !u!1 &2842204666231141834 stripped
GameObject:
  m_CorrespondingSourceObject: {fileID: 919132149155446097, guid: 5448060746ccc314d92d06bb4f92e080, type: 3}
  m_PrefabInstance: {fileID: 3148266571318102171}
  m_PrefabAsset: {fileID: 0}
--- !u!1001 &3148266571402902144
PrefabInstance:
  m_ObjectHideFlags: 0
  serializedVersion: 2
  m_Modification:
    m_TransformParent: {fileID: 3186959437902482572}
    m_Modifications:
    - target: {fileID: -8679921383154817045, guid: 5448060746ccc314d92d06bb4f92e080, type: 3}
      propertyPath: m_RootOrder
      value: 11
      objectReference: {fileID: 0}
    - target: {fileID: -8679921383154817045, guid: 5448060746ccc314d92d06bb4f92e080, type: 3}
      propertyPath: m_LocalPosition.x
      value: 1
      objectReference: {fileID: 0}
    - target: {fileID: -8679921383154817045, guid: 5448060746ccc314d92d06bb4f92e080, type: 3}
      propertyPath: m_LocalPosition.y
      value: 0.04
      objectReference: {fileID: 0}
    - target: {fileID: -8679921383154817045, guid: 5448060746ccc314d92d06bb4f92e080, type: 3}
      propertyPath: m_LocalPosition.z
      value: -0.47
      objectReference: {fileID: 0}
    - target: {fileID: -8679921383154817045, guid: 5448060746ccc314d92d06bb4f92e080, type: 3}
      propertyPath: m_LocalRotation.w
      value: 0
      objectReference: {fileID: 0}
    - target: {fileID: -8679921383154817045, guid: 5448060746ccc314d92d06bb4f92e080, type: 3}
      propertyPath: m_LocalRotation.x
      value: 0
      objectReference: {fileID: 0}
    - target: {fileID: -8679921383154817045, guid: 5448060746ccc314d92d06bb4f92e080, type: 3}
      propertyPath: m_LocalRotation.y
      value: 0
      objectReference: {fileID: 0}
    - target: {fileID: -8679921383154817045, guid: 5448060746ccc314d92d06bb4f92e080, type: 3}
      propertyPath: m_LocalRotation.z
      value: -1
      objectReference: {fileID: 0}
    - target: {fileID: -8679921383154817045, guid: 5448060746ccc314d92d06bb4f92e080, type: 3}
      propertyPath: m_LocalEulerAnglesHint.x
      value: 0
      objectReference: {fileID: 0}
    - target: {fileID: -8679921383154817045, guid: 5448060746ccc314d92d06bb4f92e080, type: 3}
      propertyPath: m_LocalEulerAnglesHint.y
      value: 0
      objectReference: {fileID: 0}
    - target: {fileID: -8679921383154817045, guid: 5448060746ccc314d92d06bb4f92e080, type: 3}
      propertyPath: m_LocalEulerAnglesHint.z
      value: -180
      objectReference: {fileID: 0}
    - target: {fileID: -7511558181221131132, guid: 5448060746ccc314d92d06bb4f92e080, type: 3}
      propertyPath: m_Materials.Array.data[0]
      value: 
      objectReference: {fileID: 2100000, guid: ef676d5bad3599845a2cb44d120cd969, type: 2}
    - target: {fileID: 919132149155446097, guid: 5448060746ccc314d92d06bb4f92e080, type: 3}
      propertyPath: m_Name
      value: RocketLauncherWheel (10)
      objectReference: {fileID: 0}
    m_RemovedComponents: []
  m_SourcePrefab: {fileID: 100100000, guid: 5448060746ccc314d92d06bb4f92e080, type: 3}
--- !u!1 &2842204666181830609 stripped
GameObject:
  m_CorrespondingSourceObject: {fileID: 919132149155446097, guid: 5448060746ccc314d92d06bb4f92e080, type: 3}
  m_PrefabInstance: {fileID: 3148266571402902144}
  m_PrefabAsset: {fileID: 0}
--- !u!1001 &3148266571593752977
PrefabInstance:
  m_ObjectHideFlags: 0
  serializedVersion: 2
  m_Modification:
    m_TransformParent: {fileID: 3186959437902482572}
    m_Modifications:
    - target: {fileID: -8679921383154817045, guid: 5448060746ccc314d92d06bb4f92e080, type: 3}
      propertyPath: m_RootOrder
      value: 1
      objectReference: {fileID: 0}
    - target: {fileID: -8679921383154817045, guid: 5448060746ccc314d92d06bb4f92e080, type: 3}
      propertyPath: m_LocalPosition.x
      value: -1.077
      objectReference: {fileID: 0}
    - target: {fileID: -8679921383154817045, guid: 5448060746ccc314d92d06bb4f92e080, type: 3}
      propertyPath: m_LocalPosition.y
      value: 1.509
      objectReference: {fileID: 0}
    - target: {fileID: -8679921383154817045, guid: 5448060746ccc314d92d06bb4f92e080, type: 3}
      propertyPath: m_LocalPosition.z
      value: -0.47
      objectReference: {fileID: 0}
    - target: {fileID: -8679921383154817045, guid: 5448060746ccc314d92d06bb4f92e080, type: 3}
      propertyPath: m_LocalRotation.w
      value: 1
      objectReference: {fileID: 0}
    - target: {fileID: -8679921383154817045, guid: 5448060746ccc314d92d06bb4f92e080, type: 3}
      propertyPath: m_LocalRotation.x
      value: 0
      objectReference: {fileID: 0}
    - target: {fileID: -8679921383154817045, guid: 5448060746ccc314d92d06bb4f92e080, type: 3}
      propertyPath: m_LocalRotation.y
      value: -0
      objectReference: {fileID: 0}
    - target: {fileID: -8679921383154817045, guid: 5448060746ccc314d92d06bb4f92e080, type: 3}
      propertyPath: m_LocalRotation.z
      value: -0
      objectReference: {fileID: 0}
    - target: {fileID: -8679921383154817045, guid: 5448060746ccc314d92d06bb4f92e080, type: 3}
      propertyPath: m_LocalEulerAnglesHint.x
      value: 0
      objectReference: {fileID: 0}
    - target: {fileID: -8679921383154817045, guid: 5448060746ccc314d92d06bb4f92e080, type: 3}
      propertyPath: m_LocalEulerAnglesHint.y
      value: 0
      objectReference: {fileID: 0}
    - target: {fileID: -8679921383154817045, guid: 5448060746ccc314d92d06bb4f92e080, type: 3}
      propertyPath: m_LocalEulerAnglesHint.z
      value: 0
      objectReference: {fileID: 0}
    - target: {fileID: -7511558181221131132, guid: 5448060746ccc314d92d06bb4f92e080, type: 3}
      propertyPath: m_Materials.Array.data[0]
      value: 
      objectReference: {fileID: 2100000, guid: ef676d5bad3599845a2cb44d120cd969, type: 2}
    - target: {fileID: 919132149155446097, guid: 5448060746ccc314d92d06bb4f92e080, type: 3}
      propertyPath: m_Name
      value: RocketLauncherWheel
      objectReference: {fileID: 0}
    m_RemovedComponents: []
  m_SourcePrefab: {fileID: 100100000, guid: 5448060746ccc314d92d06bb4f92e080, type: 3}
--- !u!1 &2842204665433038016 stripped
GameObject:
  m_CorrespondingSourceObject: {fileID: 919132149155446097, guid: 5448060746ccc314d92d06bb4f92e080, type: 3}
  m_PrefabInstance: {fileID: 3148266571593752977}
  m_PrefabAsset: {fileID: 0}
--- !u!1001 &3148266571684440935
PrefabInstance:
  m_ObjectHideFlags: 0
  serializedVersion: 2
  m_Modification:
    m_TransformParent: {fileID: 3148266571556039540}
    m_Modifications:
    - target: {fileID: -8679921383154817045, guid: 0ff6d6db552ea6a4496d4298240b6007, type: 3}
      propertyPath: m_RootOrder
      value: 0
      objectReference: {fileID: 0}
    - target: {fileID: -8679921383154817045, guid: 0ff6d6db552ea6a4496d4298240b6007, type: 3}
      propertyPath: m_LocalPosition.x
      value: 0
      objectReference: {fileID: 0}
    - target: {fileID: -8679921383154817045, guid: 0ff6d6db552ea6a4496d4298240b6007, type: 3}
      propertyPath: m_LocalPosition.y
      value: 0
      objectReference: {fileID: 0}
    - target: {fileID: -8679921383154817045, guid: 0ff6d6db552ea6a4496d4298240b6007, type: 3}
      propertyPath: m_LocalPosition.z
      value: 0
      objectReference: {fileID: 0}
    - target: {fileID: -8679921383154817045, guid: 0ff6d6db552ea6a4496d4298240b6007, type: 3}
      propertyPath: m_LocalRotation.w
      value: 1
      objectReference: {fileID: 0}
    - target: {fileID: -8679921383154817045, guid: 0ff6d6db552ea6a4496d4298240b6007, type: 3}
      propertyPath: m_LocalRotation.x
      value: -0
      objectReference: {fileID: 0}
    - target: {fileID: -8679921383154817045, guid: 0ff6d6db552ea6a4496d4298240b6007, type: 3}
      propertyPath: m_LocalRotation.y
      value: -0
      objectReference: {fileID: 0}
    - target: {fileID: -8679921383154817045, guid: 0ff6d6db552ea6a4496d4298240b6007, type: 3}
      propertyPath: m_LocalRotation.z
      value: -0
      objectReference: {fileID: 0}
    - target: {fileID: -8679921383154817045, guid: 0ff6d6db552ea6a4496d4298240b6007, type: 3}
      propertyPath: m_LocalEulerAnglesHint.x
      value: 0
      objectReference: {fileID: 0}
    - target: {fileID: -8679921383154817045, guid: 0ff6d6db552ea6a4496d4298240b6007, type: 3}
      propertyPath: m_LocalEulerAnglesHint.y
      value: 0
      objectReference: {fileID: 0}
    - target: {fileID: -8679921383154817045, guid: 0ff6d6db552ea6a4496d4298240b6007, type: 3}
      propertyPath: m_LocalEulerAnglesHint.z
      value: 0
      objectReference: {fileID: 0}
    - target: {fileID: -7511558181221131132, guid: 0ff6d6db552ea6a4496d4298240b6007, type: 3}
      propertyPath: m_Materials.Array.data[0]
      value: 
      objectReference: {fileID: 2100000, guid: 12c37d0af0cceae459073d8e46c97eb9, type: 2}
    - target: {fileID: 919132149155446097, guid: 0ff6d6db552ea6a4496d4298240b6007, type: 3}
      propertyPath: m_Name
      value: RocketLauncherPlatform_R
      objectReference: {fileID: 0}
    m_RemovedComponents: []
  m_SourcePrefab: {fileID: 100100000, guid: 0ff6d6db552ea6a4496d4298240b6007, type: 3}
--- !u!4 &3186959437902482572 stripped
Transform:
  m_CorrespondingSourceObject: {fileID: -8679921383154817045, guid: 0ff6d6db552ea6a4496d4298240b6007, type: 3}
  m_PrefabInstance: {fileID: 3148266571684440935}
  m_PrefabAsset: {fileID: 0}
--- !u!1001 &3148266571871527660
PrefabInstance:
  m_ObjectHideFlags: 0
  serializedVersion: 2
  m_Modification:
    m_TransformParent: {fileID: 3186959437902482572}
    m_Modifications:
    - target: {fileID: -8679921383154817045, guid: 5448060746ccc314d92d06bb4f92e080, type: 3}
      propertyPath: m_RootOrder
      value: 3
      objectReference: {fileID: 0}
    - target: {fileID: -8679921383154817045, guid: 5448060746ccc314d92d06bb4f92e080, type: 3}
      propertyPath: m_LocalPosition.x
      value: -1.077
      objectReference: {fileID: 0}
    - target: {fileID: -8679921383154817045, guid: 5448060746ccc314d92d06bb4f92e080, type: 3}
      propertyPath: m_LocalPosition.y
      value: 0.776
      objectReference: {fileID: 0}
    - target: {fileID: -8679921383154817045, guid: 5448060746ccc314d92d06bb4f92e080, type: 3}
      propertyPath: m_LocalPosition.z
      value: -0.47
      objectReference: {fileID: 0}
    - target: {fileID: -8679921383154817045, guid: 5448060746ccc314d92d06bb4f92e080, type: 3}
      propertyPath: m_LocalRotation.w
      value: 1
      objectReference: {fileID: 0}
    - target: {fileID: -8679921383154817045, guid: 5448060746ccc314d92d06bb4f92e080, type: 3}
      propertyPath: m_LocalRotation.x
      value: 0
      objectReference: {fileID: 0}
    - target: {fileID: -8679921383154817045, guid: 5448060746ccc314d92d06bb4f92e080, type: 3}
      propertyPath: m_LocalRotation.y
      value: -0
      objectReference: {fileID: 0}
    - target: {fileID: -8679921383154817045, guid: 5448060746ccc314d92d06bb4f92e080, type: 3}
      propertyPath: m_LocalRotation.z
      value: -0
      objectReference: {fileID: 0}
    - target: {fileID: -8679921383154817045, guid: 5448060746ccc314d92d06bb4f92e080, type: 3}
      propertyPath: m_LocalEulerAnglesHint.x
      value: 0
      objectReference: {fileID: 0}
    - target: {fileID: -8679921383154817045, guid: 5448060746ccc314d92d06bb4f92e080, type: 3}
      propertyPath: m_LocalEulerAnglesHint.y
      value: 0
      objectReference: {fileID: 0}
    - target: {fileID: -8679921383154817045, guid: 5448060746ccc314d92d06bb4f92e080, type: 3}
      propertyPath: m_LocalEulerAnglesHint.z
      value: 0
      objectReference: {fileID: 0}
    - target: {fileID: -7511558181221131132, guid: 5448060746ccc314d92d06bb4f92e080, type: 3}
      propertyPath: m_Materials.Array.data[0]
      value: 
      objectReference: {fileID: 2100000, guid: ef676d5bad3599845a2cb44d120cd969, type: 2}
    - target: {fileID: 919132149155446097, guid: 5448060746ccc314d92d06bb4f92e080, type: 3}
      propertyPath: m_Name
      value: RocketLauncherWheel (2)
      objectReference: {fileID: 0}
    m_RemovedComponents: []
  m_SourcePrefab: {fileID: 100100000, guid: 5448060746ccc314d92d06bb4f92e080, type: 3}
--- !u!1 &2842204665711337405 stripped
GameObject:
  m_CorrespondingSourceObject: {fileID: 919132149155446097, guid: 5448060746ccc314d92d06bb4f92e080, type: 3}
  m_PrefabInstance: {fileID: 3148266571871527660}
  m_PrefabAsset: {fileID: 0}
--- !u!1001 &3148266571893162318
PrefabInstance:
  m_ObjectHideFlags: 0
  serializedVersion: 2
  m_Modification:
    m_TransformParent: {fileID: 3186959437902482572}
    m_Modifications:
    - target: {fileID: -8679921383154817045, guid: 5448060746ccc314d92d06bb4f92e080, type: 3}
      propertyPath: m_RootOrder
      value: 6
      objectReference: {fileID: 0}
    - target: {fileID: -8679921383154817045, guid: 5448060746ccc314d92d06bb4f92e080, type: 3}
      propertyPath: m_LocalPosition.x
      value: -1.077
      objectReference: {fileID: 0}
    - target: {fileID: -8679921383154817045, guid: 5448060746ccc314d92d06bb4f92e080, type: 3}
      propertyPath: m_LocalPosition.y
      value: -1.615
      objectReference: {fileID: 0}
    - target: {fileID: -8679921383154817045, guid: 5448060746ccc314d92d06bb4f92e080, type: 3}
      propertyPath: m_LocalPosition.z
      value: -0.47
      objectReference: {fileID: 0}
    - target: {fileID: -8679921383154817045, guid: 5448060746ccc314d92d06bb4f92e080, type: 3}
      propertyPath: m_LocalRotation.w
      value: 1
      objectReference: {fileID: 0}
    - target: {fileID: -8679921383154817045, guid: 5448060746ccc314d92d06bb4f92e080, type: 3}
      propertyPath: m_LocalRotation.x
      value: 0
      objectReference: {fileID: 0}
    - target: {fileID: -8679921383154817045, guid: 5448060746ccc314d92d06bb4f92e080, type: 3}
      propertyPath: m_LocalRotation.y
      value: -0
      objectReference: {fileID: 0}
    - target: {fileID: -8679921383154817045, guid: 5448060746ccc314d92d06bb4f92e080, type: 3}
      propertyPath: m_LocalRotation.z
      value: -0
      objectReference: {fileID: 0}
    - target: {fileID: -8679921383154817045, guid: 5448060746ccc314d92d06bb4f92e080, type: 3}
      propertyPath: m_LocalEulerAnglesHint.x
      value: 0
      objectReference: {fileID: 0}
    - target: {fileID: -8679921383154817045, guid: 5448060746ccc314d92d06bb4f92e080, type: 3}
      propertyPath: m_LocalEulerAnglesHint.y
      value: 0
      objectReference: {fileID: 0}
    - target: {fileID: -8679921383154817045, guid: 5448060746ccc314d92d06bb4f92e080, type: 3}
      propertyPath: m_LocalEulerAnglesHint.z
      value: 0
      objectReference: {fileID: 0}
    - target: {fileID: -7511558181221131132, guid: 5448060746ccc314d92d06bb4f92e080, type: 3}
      propertyPath: m_Materials.Array.data[0]
      value: 
      objectReference: {fileID: 2100000, guid: ef676d5bad3599845a2cb44d120cd969, type: 2}
    - target: {fileID: 919132149155446097, guid: 5448060746ccc314d92d06bb4f92e080, type: 3}
      propertyPath: m_Name
      value: RocketLauncherWheel (5)
      objectReference: {fileID: 0}
    m_RemovedComponents: []
  m_SourcePrefab: {fileID: 100100000, guid: 5448060746ccc314d92d06bb4f92e080, type: 3}
--- !u!1 &2842204665731415071 stripped
GameObject:
  m_CorrespondingSourceObject: {fileID: 919132149155446097, guid: 5448060746ccc314d92d06bb4f92e080, type: 3}
  m_PrefabInstance: {fileID: 3148266571893162318}
  m_PrefabAsset: {fileID: 0}
--- !u!1001 &3148266571894242285
PrefabInstance:
  m_ObjectHideFlags: 0
  serializedVersion: 2
  m_Modification:
    m_TransformParent: {fileID: 3186959437902482572}
    m_Modifications:
    - target: {fileID: -8679921383154817045, guid: 5448060746ccc314d92d06bb4f92e080, type: 3}
      propertyPath: m_RootOrder
      value: 9
      objectReference: {fileID: 0}
    - target: {fileID: -8679921383154817045, guid: 5448060746ccc314d92d06bb4f92e080, type: 3}
      propertyPath: m_LocalScale.x
      value: 0.84279484
      objectReference: {fileID: 0}
    - target: {fileID: -8679921383154817045, guid: 5448060746ccc314d92d06bb4f92e080, type: 3}
      propertyPath: m_LocalScale.y
      value: 0.69343
      objectReference: {fileID: 0}
    - target: {fileID: -8679921383154817045, guid: 5448060746ccc314d92d06bb4f92e080, type: 3}
      propertyPath: m_LocalScale.z
      value: 0.69343
      objectReference: {fileID: 0}
    - target: {fileID: -8679921383154817045, guid: 5448060746ccc314d92d06bb4f92e080, type: 3}
      propertyPath: m_LocalPosition.x
      value: 1
      objectReference: {fileID: 0}
    - target: {fileID: -8679921383154817045, guid: 5448060746ccc314d92d06bb4f92e080, type: 3}
      propertyPath: m_LocalPosition.y
      value: 2.085
      objectReference: {fileID: 0}
    - target: {fileID: -8679921383154817045, guid: 5448060746ccc314d92d06bb4f92e080, type: 3}
      propertyPath: m_LocalPosition.z
      value: -0.47
      objectReference: {fileID: 0}
    - target: {fileID: -8679921383154817045, guid: 5448060746ccc314d92d06bb4f92e080, type: 3}
      propertyPath: m_LocalRotation.w
      value: 0
      objectReference: {fileID: 0}
    - target: {fileID: -8679921383154817045, guid: 5448060746ccc314d92d06bb4f92e080, type: 3}
      propertyPath: m_LocalRotation.x
      value: 0
      objectReference: {fileID: 0}
    - target: {fileID: -8679921383154817045, guid: 5448060746ccc314d92d06bb4f92e080, type: 3}
      propertyPath: m_LocalRotation.y
      value: 0
      objectReference: {fileID: 0}
    - target: {fileID: -8679921383154817045, guid: 5448060746ccc314d92d06bb4f92e080, type: 3}
      propertyPath: m_LocalRotation.z
      value: -1
      objectReference: {fileID: 0}
    - target: {fileID: -8679921383154817045, guid: 5448060746ccc314d92d06bb4f92e080, type: 3}
      propertyPath: m_LocalEulerAnglesHint.x
      value: 0
      objectReference: {fileID: 0}
    - target: {fileID: -8679921383154817045, guid: 5448060746ccc314d92d06bb4f92e080, type: 3}
      propertyPath: m_LocalEulerAnglesHint.y
      value: 0
      objectReference: {fileID: 0}
    - target: {fileID: -8679921383154817045, guid: 5448060746ccc314d92d06bb4f92e080, type: 3}
      propertyPath: m_LocalEulerAnglesHint.z
      value: -180
      objectReference: {fileID: 0}
    - target: {fileID: -7511558181221131132, guid: 5448060746ccc314d92d06bb4f92e080, type: 3}
      propertyPath: m_Materials.Array.data[0]
      value: 
      objectReference: {fileID: 2100000, guid: ef676d5bad3599845a2cb44d120cd969, type: 2}
    - target: {fileID: 919132149155446097, guid: 5448060746ccc314d92d06bb4f92e080, type: 3}
      propertyPath: m_Name
      value: RocketLauncherWheel (8)
      objectReference: {fileID: 0}
    m_RemovedComponents: []
  m_SourcePrefab: {fileID: 100100000, guid: 5448060746ccc314d92d06bb4f92e080, type: 3}
--- !u!1 &2842204665732597436 stripped
GameObject:
  m_CorrespondingSourceObject: {fileID: 919132149155446097, guid: 5448060746ccc314d92d06bb4f92e080, type: 3}
  m_PrefabInstance: {fileID: 3148266571894242285}
  m_PrefabAsset: {fileID: 0}
--- !u!1001 &3148266571929876370
PrefabInstance:
  m_ObjectHideFlags: 0
  serializedVersion: 2
  m_Modification:
    m_TransformParent: {fileID: 3186959437902482572}
    m_Modifications:
    - target: {fileID: -8679921383154817045, guid: 14a05715354db5a45a375499b2466178, type: 3}
      propertyPath: m_RootOrder
      value: 0
      objectReference: {fileID: 0}
    - target: {fileID: -8679921383154817045, guid: 14a05715354db5a45a375499b2466178, type: 3}
      propertyPath: m_LocalPosition.x
      value: -0.016
      objectReference: {fileID: 0}
    - target: {fileID: -8679921383154817045, guid: 14a05715354db5a45a375499b2466178, type: 3}
      propertyPath: m_LocalPosition.y
      value: -0.10200012
      objectReference: {fileID: 0}
    - target: {fileID: -8679921383154817045, guid: 14a05715354db5a45a375499b2466178, type: 3}
      propertyPath: m_LocalPosition.z
      value: 0.844
      objectReference: {fileID: 0}
    - target: {fileID: -8679921383154817045, guid: 14a05715354db5a45a375499b2466178, type: 3}
      propertyPath: m_LocalRotation.w
      value: 1
      objectReference: {fileID: 0}
    - target: {fileID: -8679921383154817045, guid: 14a05715354db5a45a375499b2466178, type: 3}
      propertyPath: m_LocalRotation.x
      value: -0
      objectReference: {fileID: 0}
    - target: {fileID: -8679921383154817045, guid: 14a05715354db5a45a375499b2466178, type: 3}
      propertyPath: m_LocalRotation.y
      value: -1.7763575e-15
      objectReference: {fileID: 0}
    - target: {fileID: -8679921383154817045, guid: 14a05715354db5a45a375499b2466178, type: 3}
      propertyPath: m_LocalRotation.z
      value: 1.7763567e-15
      objectReference: {fileID: 0}
    - target: {fileID: -8679921383154817045, guid: 14a05715354db5a45a375499b2466178, type: 3}
      propertyPath: m_LocalEulerAnglesHint.x
      value: 0
      objectReference: {fileID: 0}
    - target: {fileID: -8679921383154817045, guid: 14a05715354db5a45a375499b2466178, type: 3}
      propertyPath: m_LocalEulerAnglesHint.y
      value: 0
      objectReference: {fileID: 0}
    - target: {fileID: -8679921383154817045, guid: 14a05715354db5a45a375499b2466178, type: 3}
      propertyPath: m_LocalEulerAnglesHint.z
      value: 0
      objectReference: {fileID: 0}
    - target: {fileID: -7511558181221131132, guid: 14a05715354db5a45a375499b2466178, type: 3}
      propertyPath: m_Materials.Array.data[0]
      value: 
      objectReference: {fileID: 2100000, guid: e9a529d9e15bc9e47b8018675bfc44c2, type: 2}
    - target: {fileID: 919132149155446097, guid: 14a05715354db5a45a375499b2466178, type: 3}
      propertyPath: m_Name
      value: RocketLauncherStarter
      objectReference: {fileID: 0}
    m_RemovedComponents: []
  m_SourcePrefab: {fileID: 100100000, guid: 14a05715354db5a45a375499b2466178, type: 3}
--- !u!4 &3186959437615108217 stripped
Transform:
  m_CorrespondingSourceObject: {fileID: -8679921383154817045, guid: 14a05715354db5a45a375499b2466178, type: 3}
  m_PrefabInstance: {fileID: 3148266571929876370}
  m_PrefabAsset: {fileID: 0}
--- !u!1 &2842204665633884867 stripped
GameObject:
  m_CorrespondingSourceObject: {fileID: 919132149155446097, guid: 14a05715354db5a45a375499b2466178, type: 3}
  m_PrefabInstance: {fileID: 3148266571929876370}
  m_PrefabAsset: {fileID: 0}
--- !u!1001 &3148266572185341074
PrefabInstance:
  m_ObjectHideFlags: 0
  serializedVersion: 2
  m_Modification:
    m_TransformParent: {fileID: 3186959437902482572}
    m_Modifications:
    - target: {fileID: -8679921383154817045, guid: 5448060746ccc314d92d06bb4f92e080, type: 3}
      propertyPath: m_RootOrder
      value: 2
      objectReference: {fileID: 0}
    - target: {fileID: -8679921383154817045, guid: 5448060746ccc314d92d06bb4f92e080, type: 3}
      propertyPath: m_LocalScale.x
      value: 0.84279484
      objectReference: {fileID: 0}
    - target: {fileID: -8679921383154817045, guid: 5448060746ccc314d92d06bb4f92e080, type: 3}
      propertyPath: m_LocalScale.y
      value: 0.69343
      objectReference: {fileID: 0}
    - target: {fileID: -8679921383154817045, guid: 5448060746ccc314d92d06bb4f92e080, type: 3}
      propertyPath: m_LocalScale.z
      value: 0.69343
      objectReference: {fileID: 0}
    - target: {fileID: -8679921383154817045, guid: 5448060746ccc314d92d06bb4f92e080, type: 3}
      propertyPath: m_LocalPosition.x
      value: -1.076
      objectReference: {fileID: 0}
    - target: {fileID: -8679921383154817045, guid: 5448060746ccc314d92d06bb4f92e080, type: 3}
      propertyPath: m_LocalPosition.y
      value: 2.085
      objectReference: {fileID: 0}
    - target: {fileID: -8679921383154817045, guid: 5448060746ccc314d92d06bb4f92e080, type: 3}
      propertyPath: m_LocalPosition.z
      value: -0.47
      objectReference: {fileID: 0}
    - target: {fileID: -8679921383154817045, guid: 5448060746ccc314d92d06bb4f92e080, type: 3}
      propertyPath: m_LocalRotation.w
      value: 1
      objectReference: {fileID: 0}
    - target: {fileID: -8679921383154817045, guid: 5448060746ccc314d92d06bb4f92e080, type: 3}
      propertyPath: m_LocalRotation.x
      value: 0
      objectReference: {fileID: 0}
    - target: {fileID: -8679921383154817045, guid: 5448060746ccc314d92d06bb4f92e080, type: 3}
      propertyPath: m_LocalRotation.y
      value: -0
      objectReference: {fileID: 0}
    - target: {fileID: -8679921383154817045, guid: 5448060746ccc314d92d06bb4f92e080, type: 3}
      propertyPath: m_LocalRotation.z
      value: -0
      objectReference: {fileID: 0}
    - target: {fileID: -8679921383154817045, guid: 5448060746ccc314d92d06bb4f92e080, type: 3}
      propertyPath: m_LocalEulerAnglesHint.x
      value: 0
      objectReference: {fileID: 0}
    - target: {fileID: -8679921383154817045, guid: 5448060746ccc314d92d06bb4f92e080, type: 3}
      propertyPath: m_LocalEulerAnglesHint.y
      value: 0
      objectReference: {fileID: 0}
    - target: {fileID: -8679921383154817045, guid: 5448060746ccc314d92d06bb4f92e080, type: 3}
      propertyPath: m_LocalEulerAnglesHint.z
      value: 0
      objectReference: {fileID: 0}
    - target: {fileID: -7511558181221131132, guid: 5448060746ccc314d92d06bb4f92e080, type: 3}
      propertyPath: m_Materials.Array.data[0]
      value: 
      objectReference: {fileID: 2100000, guid: ef676d5bad3599845a2cb44d120cd969, type: 2}
    - target: {fileID: 919132149155446097, guid: 5448060746ccc314d92d06bb4f92e080, type: 3}
      propertyPath: m_Name
      value: RocketLauncherWheel (1)
      objectReference: {fileID: 0}
    m_RemovedComponents: []
  m_SourcePrefab: {fileID: 100100000, guid: 5448060746ccc314d92d06bb4f92e080, type: 3}
--- !u!1 &2842204664816284099 stripped
GameObject:
  m_CorrespondingSourceObject: {fileID: 919132149155446097, guid: 5448060746ccc314d92d06bb4f92e080, type: 3}
  m_PrefabInstance: {fileID: 3148266572185341074}
  m_PrefabAsset: {fileID: 0}
--- !u!1001 &3148266572190409701
PrefabInstance:
  m_ObjectHideFlags: 0
  serializedVersion: 2
  m_Modification:
    m_TransformParent: {fileID: 3186959437615108217}
    m_Modifications:
    - target: {fileID: -8679921383154817045, guid: e65b2c7b4d5d0fe46a5f7823f6c0d1bc, type: 3}
      propertyPath: m_RootOrder
      value: 1
      objectReference: {fileID: 0}
    - target: {fileID: -8679921383154817045, guid: e65b2c7b4d5d0fe46a5f7823f6c0d1bc, type: 3}
      propertyPath: m_LocalPosition.x
      value: -0.004
      objectReference: {fileID: 0}
    - target: {fileID: -8679921383154817045, guid: e65b2c7b4d5d0fe46a5f7823f6c0d1bc, type: 3}
      propertyPath: m_LocalPosition.y
      value: 0.945
      objectReference: {fileID: 0}
    - target: {fileID: -8679921383154817045, guid: e65b2c7b4d5d0fe46a5f7823f6c0d1bc, type: 3}
      propertyPath: m_LocalPosition.z
      value: 0.036
      objectReference: {fileID: 0}
    - target: {fileID: -8679921383154817045, guid: e65b2c7b4d5d0fe46a5f7823f6c0d1bc, type: 3}
      propertyPath: m_LocalRotation.w
      value: 1
      objectReference: {fileID: 0}
    - target: {fileID: -8679921383154817045, guid: e65b2c7b4d5d0fe46a5f7823f6c0d1bc, type: 3}
      propertyPath: m_LocalRotation.x
      value: 0
      objectReference: {fileID: 0}
    - target: {fileID: -8679921383154817045, guid: e65b2c7b4d5d0fe46a5f7823f6c0d1bc, type: 3}
      propertyPath: m_LocalRotation.y
      value: 0
      objectReference: {fileID: 0}
    - target: {fileID: -8679921383154817045, guid: e65b2c7b4d5d0fe46a5f7823f6c0d1bc, type: 3}
      propertyPath: m_LocalRotation.z
      value: 0
      objectReference: {fileID: 0}
    - target: {fileID: -8679921383154817045, guid: e65b2c7b4d5d0fe46a5f7823f6c0d1bc, type: 3}
      propertyPath: m_LocalEulerAnglesHint.x
      value: 0
      objectReference: {fileID: 0}
    - target: {fileID: -8679921383154817045, guid: e65b2c7b4d5d0fe46a5f7823f6c0d1bc, type: 3}
      propertyPath: m_LocalEulerAnglesHint.y
      value: 0
      objectReference: {fileID: 0}
    - target: {fileID: -8679921383154817045, guid: e65b2c7b4d5d0fe46a5f7823f6c0d1bc, type: 3}
      propertyPath: m_LocalEulerAnglesHint.z
      value: 0
      objectReference: {fileID: 0}
    - target: {fileID: -7511558181221131132, guid: e65b2c7b4d5d0fe46a5f7823f6c0d1bc, type: 3}
      propertyPath: m_Materials.Array.data[0]
      value: 
      objectReference: {fileID: 2100000, guid: 4619e3caf2c646b478dcbd92002696c8, type: 2}
    - target: {fileID: 919132149155446097, guid: e65b2c7b4d5d0fe46a5f7823f6c0d1bc, type: 3}
      propertyPath: m_Name
      value: RocketLauncherRocket (1)
      objectReference: {fileID: 0}
    m_RemovedComponents: []
  m_SourcePrefab: {fileID: 100100000, guid: e65b2c7b4d5d0fe46a5f7823f6c0d1bc, type: 3}
--- !u!1001 &3148266572484157387
PrefabInstance:
  m_ObjectHideFlags: 0
  serializedVersion: 2
  m_Modification:
    m_TransformParent: {fileID: 3186959437902482572}
    m_Modifications:
    - target: {fileID: -8679921383154817045, guid: 5448060746ccc314d92d06bb4f92e080, type: 3}
      propertyPath: m_RootOrder
      value: 8
      objectReference: {fileID: 0}
    - target: {fileID: -8679921383154817045, guid: 5448060746ccc314d92d06bb4f92e080, type: 3}
      propertyPath: m_LocalPosition.x
      value: 1
      objectReference: {fileID: 0}
    - target: {fileID: -8679921383154817045, guid: 5448060746ccc314d92d06bb4f92e080, type: 3}
      propertyPath: m_LocalPosition.y
      value: 1.509
      objectReference: {fileID: 0}
    - target: {fileID: -8679921383154817045, guid: 5448060746ccc314d92d06bb4f92e080, type: 3}
      propertyPath: m_LocalPosition.z
      value: -0.47
      objectReference: {fileID: 0}
    - target: {fileID: -8679921383154817045, guid: 5448060746ccc314d92d06bb4f92e080, type: 3}
      propertyPath: m_LocalRotation.w
      value: 0
      objectReference: {fileID: 0}
    - target: {fileID: -8679921383154817045, guid: 5448060746ccc314d92d06bb4f92e080, type: 3}
      propertyPath: m_LocalRotation.x
      value: 0
      objectReference: {fileID: 0}
    - target: {fileID: -8679921383154817045, guid: 5448060746ccc314d92d06bb4f92e080, type: 3}
      propertyPath: m_LocalRotation.y
      value: 0
      objectReference: {fileID: 0}
    - target: {fileID: -8679921383154817045, guid: 5448060746ccc314d92d06bb4f92e080, type: 3}
      propertyPath: m_LocalRotation.z
      value: -1
      objectReference: {fileID: 0}
    - target: {fileID: -8679921383154817045, guid: 5448060746ccc314d92d06bb4f92e080, type: 3}
      propertyPath: m_LocalEulerAnglesHint.x
      value: 0
      objectReference: {fileID: 0}
    - target: {fileID: -8679921383154817045, guid: 5448060746ccc314d92d06bb4f92e080, type: 3}
      propertyPath: m_LocalEulerAnglesHint.y
      value: 0
      objectReference: {fileID: 0}
    - target: {fileID: -8679921383154817045, guid: 5448060746ccc314d92d06bb4f92e080, type: 3}
      propertyPath: m_LocalEulerAnglesHint.z
      value: -180
      objectReference: {fileID: 0}
    - target: {fileID: -7511558181221131132, guid: 5448060746ccc314d92d06bb4f92e080, type: 3}
      propertyPath: m_Materials.Array.data[0]
      value: 
      objectReference: {fileID: 2100000, guid: ef676d5bad3599845a2cb44d120cd969, type: 2}
    - target: {fileID: 919132149155446097, guid: 5448060746ccc314d92d06bb4f92e080, type: 3}
      propertyPath: m_Name
      value: RocketLauncherWheel (7)
      objectReference: {fileID: 0}
    m_RemovedComponents: []
  m_SourcePrefab: {fileID: 100100000, guid: 5448060746ccc314d92d06bb4f92e080, type: 3}
--- !u!1 &2842204665115484826 stripped
GameObject:
  m_CorrespondingSourceObject: {fileID: 919132149155446097, guid: 5448060746ccc314d92d06bb4f92e080, type: 3}
  m_PrefabInstance: {fileID: 3148266572484157387}
  m_PrefabAsset: {fileID: 0}
--- !u!1001 &3148266572609234077
PrefabInstance:
  m_ObjectHideFlags: 0
  serializedVersion: 2
  m_Modification:
    m_TransformParent: {fileID: 3186959437902482572}
    m_Modifications:
    - target: {fileID: -8679921383154817045, guid: 5448060746ccc314d92d06bb4f92e080, type: 3}
      propertyPath: m_RootOrder
      value: 12
      objectReference: {fileID: 0}
    - target: {fileID: -8679921383154817045, guid: 5448060746ccc314d92d06bb4f92e080, type: 3}
      propertyPath: m_LocalPosition.x
      value: 1
      objectReference: {fileID: 0}
    - target: {fileID: -8679921383154817045, guid: 5448060746ccc314d92d06bb4f92e080, type: 3}
      propertyPath: m_LocalPosition.y
      value: -0.766
      objectReference: {fileID: 0}
    - target: {fileID: -8679921383154817045, guid: 5448060746ccc314d92d06bb4f92e080, type: 3}
      propertyPath: m_LocalPosition.z
      value: -0.47
      objectReference: {fileID: 0}
    - target: {fileID: -8679921383154817045, guid: 5448060746ccc314d92d06bb4f92e080, type: 3}
      propertyPath: m_LocalRotation.w
      value: 0
      objectReference: {fileID: 0}
    - target: {fileID: -8679921383154817045, guid: 5448060746ccc314d92d06bb4f92e080, type: 3}
      propertyPath: m_LocalRotation.x
      value: 0
      objectReference: {fileID: 0}
    - target: {fileID: -8679921383154817045, guid: 5448060746ccc314d92d06bb4f92e080, type: 3}
      propertyPath: m_LocalRotation.y
      value: 0
      objectReference: {fileID: 0}
    - target: {fileID: -8679921383154817045, guid: 5448060746ccc314d92d06bb4f92e080, type: 3}
      propertyPath: m_LocalRotation.z
      value: -1
      objectReference: {fileID: 0}
    - target: {fileID: -8679921383154817045, guid: 5448060746ccc314d92d06bb4f92e080, type: 3}
      propertyPath: m_LocalEulerAnglesHint.x
      value: 0
      objectReference: {fileID: 0}
    - target: {fileID: -8679921383154817045, guid: 5448060746ccc314d92d06bb4f92e080, type: 3}
      propertyPath: m_LocalEulerAnglesHint.y
      value: 0
      objectReference: {fileID: 0}
    - target: {fileID: -8679921383154817045, guid: 5448060746ccc314d92d06bb4f92e080, type: 3}
      propertyPath: m_LocalEulerAnglesHint.z
      value: -180
      objectReference: {fileID: 0}
    - target: {fileID: -7511558181221131132, guid: 5448060746ccc314d92d06bb4f92e080, type: 3}
      propertyPath: m_Materials.Array.data[0]
      value: 
      objectReference: {fileID: 2100000, guid: ef676d5bad3599845a2cb44d120cd969, type: 2}
    - target: {fileID: 919132149155446097, guid: 5448060746ccc314d92d06bb4f92e080, type: 3}
      propertyPath: m_Name
      value: RocketLauncherWheel (11)
      objectReference: {fileID: 0}
    m_RemovedComponents: []
  m_SourcePrefab: {fileID: 100100000, guid: 5448060746ccc314d92d06bb4f92e080, type: 3}
--- !u!1 &2842204665239640524 stripped
GameObject:
  m_CorrespondingSourceObject: {fileID: 919132149155446097, guid: 5448060746ccc314d92d06bb4f92e080, type: 3}
  m_PrefabInstance: {fileID: 3148266572609234077}
  m_PrefabAsset: {fileID: 0}
